@article{Ivanov2000,
author = {Ivanov, Yuri and Bobick, Aaron and Liu, John},
keywords = {1,an image,background subtraction,disparity warp,from its background in,image segmentation,introduction,menting a foreground object,perhaps the most frequently,recent,solved problem in computer,stereo,vision is seg-},
pages = {1--14},
title = {{Fast Lighting Independent Background Subtraction}},
year = {2000}
}
